[gd_scene load_steps=3 format=3 uid="uid://v3awqude57fj"]

[ext_resource type="Script" path="res://Core/MainMenu/OptionsMenu.gd" id="1"]
[ext_resource type="Theme" uid="uid://cdqwxptf1dfpu" path="res://Core/MainMenu/main_menu_theme.tres" id="4"]

[node name="OptionsMenu" type="Control"]
layout_mode = 3
anchors_preset = 15
anchor_right = 1.0
anchor_bottom = 1.0
script = ExtResource("1")

[node name="ColorRect" type="ColorRect" parent="."]
layout_mode = 0
anchor_right = 1.0
anchor_bottom = 1.0
color = Color(0.678431, 0.847059, 0.901961, 1)

[node name="MarginContainer" type="MarginContainer" parent="."]
layout_mode = 0
anchor_right = 1.0
anchor_bottom = 1.0

[node name="GridContainer" type="GridContainer" parent="MarginContainer"]
layout_mode = 2

[node name="VBoxContainer" type="VBoxContainer" parent="MarginContainer"]
layout_mode = 2

[node name="VolumeSelector" type="HBoxContainer" parent="MarginContainer/VBoxContainer"]
layout_mode = 2

[node name="Labels" type="VBoxContainer" parent="MarginContainer/VBoxContainer/VolumeSelector"]
layout_mode = 2

[node name="Label" type="Label" parent="MarginContainer/VBoxContainer/VolumeSelector/Labels"]
layout_mode = 2
theme = ExtResource("4")
text = "Master volume"

[node name="Label2" type="Label" parent="MarginContainer/VBoxContainer/VolumeSelector/Labels"]
layout_mode = 2
theme = ExtResource("4")
text = "Sound effects volume"

[node name="Label3" type="Label" parent="MarginContainer/VBoxContainer/VolumeSelector/Labels"]
layout_mode = 2
theme = ExtResource("4")
text = "Music volume"

[node name="Sliders" type="VBoxContainer" parent="MarginContainer/VBoxContainer/VolumeSelector"]
layout_mode = 2

[node name="MasterVolumeSlider" type="HSlider" parent="MarginContainer/VBoxContainer/VolumeSelector/Sliders"]
layout_mode = 2

[node name="EffectsVolumeSlider" type="HSlider" parent="MarginContainer/VBoxContainer/VolumeSelector/Sliders"]
layout_mode = 2

[node name="MusicVolumeSlider" type="HSlider" parent="MarginContainer/VBoxContainer/VolumeSelector/Sliders"]
layout_mode = 2

[node name="Close" type="Button" parent="MarginContainer/VBoxContainer"]
layout_mode = 2
theme = ExtResource("4")
text = "Save & Close"

[connection signal="drag_ended" from="MarginContainer/VBoxContainer/VolumeSelector/Sliders/MasterVolumeSlider" to="." method="_on_MasterVolumeSlider_drag_ended"]
[connection signal="drag_ended" from="MarginContainer/VBoxContainer/VolumeSelector/Sliders/EffectsVolumeSlider" to="." method="_on_EffectsVolumeSlider_drag_ended"]
[connection signal="drag_ended" from="MarginContainer/VBoxContainer/VolumeSelector/Sliders/MusicVolumeSlider" to="." method="_on_MusicVolumeSlider_drag_ended"]
[connection signal="pressed" from="MarginContainer/VBoxContainer/Close" to="." method="_on_Close_pressed"]
